@book{oppenheim1997signals,
  author    = {Oppenheim, Alan V. and Willsky, Alan S. and Nawab, S. Hamid},
  title     = {Signals and Systems},
  publisher = {Prentice Hall},
  year      = {1997},
  edition   = {2nd},
  address   = {Upper Saddle River, NJ},
}

@book{lathi2009linear,
  author    = {Lathi, Bhagwandas P. and Ding, Roger A. Green},
  title     = {Linear Systems and Signals},
  publisher = {Oxford University Press},
  year      = {2009},
  edition   = {2nd},
  address   = {New York, NY},
}

@book{vural2022signals,
  author    = {Yarman Vural, Fatoş Tunay and Akbaş, Emre},
  title     = {Signals and Systems: Theory and Practical Explorations with Python},
  publisher = {CRC Press},
  year      = {2022},
  address   = {Boca Raton, FL}, 
}

@misc{ninga2025signals,
  author       = {Ninga, Denzel},
  title        = {Signals and Systems Lab},
  howpublished = {GitHub repository},
  url          = {https://github.com/plochoidysis-ojwege/Signals-and-systems-lab/tree/main},
  urldate      = {2025-04-28}, 
  note         = {Initial commit: 2025-04-28}
}